@Book{knuth:84,
  author = 	 {Donald E. Knuth},
  title = 	 {The {\TeX} Book},
  publisher = 	 {Addison-Wesley},
  year = 	 {1984},
  edition = 	 {15th}
}

@InCollection{boulic:91,
  author = 	 {R. Boulic and O. Renault},
  title = 	 {3D Hierarchies for Animation},
  booktitle = 	 {New Trends in Animation and Visualization},
  publisher =    {John Wiley {\&} Sons ltd.},
  year = 	 {1991},
  editor = 	 {Nadia Magnenat-Thalmann and Daniel Thalmann}
}

@InCollection{smith:99,
  author = 	 {A. Smith and B. Jones},
  title = 	 {On the Complexity of Computing},
  booktitle = 	 {Advances in Computer Science},
  pages = 	 {555--566},
  publisher =    {Publishing Press},
  year = 	 {1999},
  editor = 	 {A. B. Smith-Jones}
}

@misc{radixsort:21,
  year         = {2018},
  author       = {Paulo Feofiloff},
  title        = {Radixsort},
  howpublished = {\url{https://www.ime.usp.br/~pf/algoritmos/aulas/radix.html}},
  note         = {Acessado em 02/04/2021},
}

@misc{quicksort:21,
  author       = {{The FreeBSD Project}},
  year         = {2013},
  title        = {{FreeBSD Library Functions Manual: qsort(3)}},
  howpublished = {\url{https://www.freebsd.org/cgi/man.cgi?query=qsort&sektion=3&manpath=freebsd-release-ports}},
  note         = {Acessado em 02/04/2021},
}
